% This file was created with JabRef 2.7.
% Encoding: Cp1254

@manual{Cura,
	title  = "Ultimaker Cura Software",
	note    = "available: \url{https://ultimaker.com/en/products/ultimaker-cura-software}",
	year   = "2017 (last released May 12, 2017)"
}

